@article{BeNo2020,
  title={A Critical Comparison of Machine Learning Classifiers to Predict Match Outcomes in the NFL},
  author={Beal, Ryan and Norman, Timothy J and Ramchurn, Sarvapali D},
  journal={International Journal of Computer Science in Sport},
  volume={19},
  number={2},
  pages={36--50},
  year={2020}
}

@misc{Silv2018,
title={How our NFL Predictions Work},
url={https://fivethirtyeight.com/methodology/how-our-nfl-predictions-work/},
journal={FiveThirtyEight},
publisher={FiveThirtyEight},
author={Silver, Nate},
year={2018}, month={Sep}} 

@article{Choi2022,
  title={Pop2Piano: Pop Audio-based Piano Cover Generation},
  author={Choi, Jongho and Lee, Kyogu},
  journal={arXiv preprint arXiv:2211.00895},
  year={2022}
}

@article{Boulier2003,
  title={Predicting the outcomes of National Football League games},
  author={Boulier, Bryan L and Stekler, Herman O},
  journal={International Journal of forecasting},
  volume={19},
  number={2},
  pages={257--270},
  year={2003},
  publisher={Elsevier}
}

@article{Landers2018,
  title={Machine learning approaches to competing in fantasy leagues for the NFL},
  author={Landers, Jonathan Robert and Duperrouzel, Brian},
  journal={IEEE Transactions on Games},
  volume={11},
  number={2},
  pages={159--172},
  year={2018},
  publisher={IEEE}
}

@article{Hsu2021,
  title={Using convolutional neural network and candlestick representation to predict sports match outcomes},
  author={Hsu, Yu-Chia},
  journal={Applied Sciences},
  volume={11},
  number={14},
  pages={6594},
  year={2021},
  publisher={MDPI}
}

@book{Lewis2004,
  title={Moneyball: The art of winning an unfair game},
  author={Lewis, Michael},
  year={2004},
  publisher={WW Norton \& Company}
}

@misc{FantasySports2022,
url={https://thefsga.org/industry-demographics/},
journal={Fantasy Sports and Gaming Association - Connecting Fans to the Sports They Love}, year={2022}, month={Nov}} 

@misc{FactsFactors2023,
title={Study on global fantasy sports market size to hit USD 44.87 bn, at a CAGR of 14.84\% by 2030},
url={https://www.fnfresearch.com/news/global-fantasy-sports-market},
journal={Facts and Factors}, publisher={Facts and Factors},
author={Facts and Factors}, year={2023}, month={May}} 

@article{borisov2022deep,
  title={Deep neural networks and tabular data: A survey},
  author={Borisov, Vadim and Leemann, Tobias and Se{\ss}ler, Kathrin and Haug, Johannes and Pawelczyk, Martin and Kasneci, Gjergji},
  journal={IEEE Transactions on Neural Networks and Learning Systems},
  year={2022},
  publisher={IEEE}
}

@article{reyers2023quarterback,
  title={Quarterback evaluation in the national football league using tracking data},
  author={Reyers, Matthew and Swartz, Tim B},
  journal={AStA Advances in Statistical Analysis},
  volume={107},
  number={1-2},
  pages={327--342},
  year={2023},
  publisher={Springer}
}

@misc{espn2016,
  title = {How is Total QBR Calculated? We Explain our Quarterback Rating},
  howpublished = {\url{https://www.espn.com/blog/statsinfo/post/_/id/123701/how-is-total-qbr-calculated-we-explain-our-quarterback-rating}},
  author={Katz, S. and Burke, B. },
  note = {Accessed: 2023-05-15}
}

@book{elo1978rating,
  title={The rating of chessplayers, past and present},
  author={Elo, Arpad E},
  year={1978},
  publisher={Arco Pub.}
}

@inproceedings{arik2021tabnet,
  title={Tabnet: Attentive interpretable tabular learning},
  author={Arik, Sercan {\"O} and Pfister, Tomas},
  booktitle={Proceedings of the AAAI Conference on Artificial Intelligence},
  volume={35},
  number={8},
  pages={6679--6687},
  year={2021}
}

@article{cortes1995support,
  title={Support-vector networks},
  author={Cortes, Corinna and Vapnik, Vladimir},
  journal={Machine learning},
  volume={20},
  pages={273--297},
  year={1995},
  publisher={Springer}
}

@article{cover1967nearest,
  title={Nearest neighbor pattern classification},
  author={Cover, Thomas and Hart, Peter},
  journal={IEEE transactions on information theory},
  volume={13},
  number={1},
  pages={21--27},
  year={1967},
  publisher={IEEE}
}

@book{williams2006gaussian,
  title={Gaussian processes for machine learning},
  author={Williams, Christopher KI and Rasmussen, Carl Edward},
  volume={2},
  number={3},
  year={2006},
  publisher={MIT press Cambridge, MA}
}

@article{srivastava2007bayesian,
  title={Bayesian quadratic discriminant analysis.},
  author={Srivastava, Santosh and Gupta, Maya R and Frigyik, B{\'e}la A},
  journal={Journal of Machine Learning Research},
  volume={8},
  number={6},
  year={2007}
}

@inproceedings{rish2001empirical,
  title={An empirical study of the naive Bayes classifier},
  author={Rish, Irina and others},
  booktitle={IJCAI 2001 workshop on empirical methods in artificial intelligence},
  volume={3},
  number={22},
  pages={41--46},
  year={2001}
}

@article{breiman2001random,
  title={Random forests},
  author={Breiman, Leo},
  journal={Machine learning},
  volume={45},
  pages={5--32},
  year={2001},
  publisher={Springer}
}

@book{breiman2017classification,
  title={Classification and regression trees},
  author={Breiman, Leo},
  year={2017},
  publisher={Routledge}
}

@article{freund1997decision,
  title={A decision-theoretic generalization of on-line learning and an application to boosting},
  author={Freund, Yoav and Schapire, Robert E},
  journal={Journal of computer and system sciences},
  volume={55},
  number={1},
  pages={119--139},
  year={1997},
  publisher={Elsevier}
}

@inproceedings{chen2016xgboost,
  title={Xgboost: A scalable tree boosting system},
  author={Chen, Tianqi and Guestrin, Carlos},
  booktitle={Proceedings of the 22nd acm sigkdd international conference on knowledge discovery and data mining},
  pages={785--794},
  year={2016}
}

@article{ke2017lightgbm,
  title={Lightgbm: A highly efficient gradient boosting decision tree},
  author={Ke, Guolin and Meng, Qi and Finley, Thomas and Wang, Taifeng and Chen, Wei and Ma, Weidong and Ye, Qiwei and Liu, Tie-Yan},
  journal={Advances in neural information processing systems},
  volume={30},
  year={2017}
}

@article{prokhorenkova2018catboost,
  title={CatBoost: unbiased boosting with categorical features},
  author={Prokhorenkova, Liudmila and Gusev, Gleb and Vorobev, Aleksandr and Dorogush, Anna Veronika and Gulin, Andrey},
  journal={Advances in neural information processing systems},
  volume={31},
  year={2018}
}

@article{broelemann2018gradient,
  title={A gradient-based split criterion for highly accurate and transparent model trees},
  author={Broelemann, Klaus and Kasneci, Gjergji},
  journal={arXiv preprint arXiv:1809.09703},
  year={2018}
}
